# -----------------------------------------------------------------
# References
# -----------------------------------------------------------------
#
# Notes:
#
# 1. Use \href for all the links, rather than url for the web links,
#    as it keeps the fonts in the final document the same
#    (url generates a true-type hyperlink)
#
# -----------------------------------------------------------------

# -----------------------------------------------------------------
# A
# -----------------------------------------------------------------

@misc{
	Altera_VJTAG_2021,
	author={Altera},
	note={(\href{https://www.intel.com/content/www/us/en/docs/programmable/683705/20-3/virtual-jtag-core-user-guide.html}
	      {web}, \href{https://cdrdv2.intel.com/v1/dl/getContent/666577?fileName=ug_virtualjtag-683705-666577.pdf}
	      {pdf})},
	title={{Virtual JTAG User Guide}},
	month=aug,
	year={2021}
}

# -----------------------------------------------------------------
# I
# -----------------------------------------------------------------

@misc{
	IEEE_STD_1149_1_2013,
	author={IEEE},
	note={(\href{https://ieeexplore.ieee.org/document/6515989}{web})},
	title={{1149.1-2013 - IEEE Standard for Test Access Port and Boundary-Scan Architecture}},
	month=may,
	year={2013}
}

# -----------------------------------------------------------------
# F
# -----------------------------------------------------------------

@misc{
	FTDI_D2XX_PG_2023,
	author={FTDI},
	note={(\href{https://ftdichip.com/wp-content/uploads/2023/09/D2XX_Programmers_Guide.pdf}
	      {pdf})},
	title={{D2XX Programmer's Guide (version 1.5)}},
	month=sep,
	year={2023}
}

# -----------------------------------------------------------------
# J
# -----------------------------------------------------------------

@misc{
	JEDEC_JESD71_1999,
	author={JEDEC},
	note={(\href{https://www.jedec.org/standards-documents/docs/jesd-71}
	      {web})},
	title={{JESD71: Standard Test and Programming Language (STAPL)}},
	month=aug,
	year={1999}
}

# -----------------------------------------------------------------
# M
# -----------------------------------------------------------------

@misc{
	Microchip_AC227_2015,
	author={Microchip},
	note={(\href{https://ww1.microchip.com/downloads/aemdocuments/documents/fpga/ApplicationNotes/ApplicationNotes/flash_ujtag_ac227_v1.pdf}
	      {pdf}, \href{https://ww1.microchip.com/downloads/aemdocuments/documents/fpga/ProductDocuments/SupportingCollateral/how2useujtag.zip}
	      {zip})},
	title={{AC227: How to use UJTAG}},
	month=apr,
	year={2015}
}

@misc{
	Microchip_PA3_UG_2012,
	author={Microchip},
	note={(\href{https://ww1.microchip.com/downloads/aemDocuments/documents/FPGA/ProductDocuments/UserGuides/pa3_ug.pdf}
	      {pdf})},
	title={{ProASIC3 FPGA Fabric Users Guide (Revision 4)}},
	month=sep,
	year={2012}
}

# -----------------------------------------------------------------
# X
# -----------------------------------------------------------------

@misc{
	Xilinx_UG908_2024,
	author={Xilinx},
	note={(\href{https://docs.amd.com/r/en-US/ug908-vivado-programming-debugging}
	      {pdf})},
	title={{UG908: Programming and Debugging (v2024.2)}},
	month=nov,
	year={2024}
}

